@InProceedings{Pfeifer,
author={Pfeifer, H. J. and Vom Stein, H. D. and Koch, B.},
editor="Ben-Dor, Gabi
and Sadot, Oren
and Igra, Ozer",
title={Mathematical and experimental
analysis of light diffraction on plane shock waves},
booktitle={Proc. Int.
Cong. High-Speed Photogr. 9th},
year={1970},
pages={423},
}

@article{Panda_1995,
author = {Panda,J.  and Adamovsky,G. },
title = {Laser light scattering by shock waves},
journal = {Physics of Fluids},
volume = {7},
number = {9},
pages = {2271-2279},
year = {1995},
doi = {10.1063/1.868475},
URL = {https://doi.org/10.1063/1.868475},
eprint = {https://doi.org/10.1063/1.868475}
}

@BOOK{Cercignani_book,
   author       = {C. Cercignani},
   year         = {1988},
   title        = {The Boltzmann Equation and its Applications},
   publisher    = {Springer-Verlag},
   adress       = {New York},
}

@BOOK{LANDAU1987,
    title = "Fluid Mechanics (Second Edition)",
    publisher = "Pergamon",
    edition = "Second Edition",
    pages = "1 - 43",
    year = "1987",
    isbn = "978-0-08-033933-7",
    url = "http://www.sciencedirect.com/science/article/pii/B978008033933750009X",
    author = "L. D. Landau and E. M. Lifshitz",
}

@BOOK{Sedov,
    author       = {L. I. Sedov},
    year         = {1997},
    title        = {Mechanics of Continuous Media},
    publisher    = {World Scientific},
}

@article{Becker_1922,
  author       = {Becker, R.},
  title        = {Stosswelle und detonation},
  journal      = {Z. Phys.}, 
  volume       = {8},
  number       = {1},
  pages        = {321--362},
  year         = {1922},
}


@article{Mott-Smith_1951,
  author       = {H. M. Mott-Smith},
  title        = {The Solution of the Boltzmann Equation for a Shock Wave},
  journal      = {Phys. Rev.},
  volume       = {82},
  pages        = {885-–892},
  year         = {1951},
}

@article{Salwen_1964,
author = {Salwen,Harold and Grosch,Chester E. and Ziering,Sigi },
title = {Extension of the Mott‐Smith Method for a One‐Dimensional Shock Wave},
journal = {The Physics of Fluids},
volume = {7},
number = {2},
pages = {180-189},
year = {1964},
doi = {10.1063/1.1711131},
URL = {https://aip.scitation.org/doi/abs/10.1063/1.1711131},
eprint = {https://aip.scitation.org/doi/pdf/10.1063/1.1711131}
}

@article{Holway_1964,
  author       = {L.H. Holway},
  title        = {Existence of Kinetic Theory Solutions to the Shock Structure Problem},
  journal      = {Phys. Fluids},
  volume       = {7},
  number       = {6},
  pages        = {911-–913},
  year         = {1964}
}

@article{Yen_1966,
  author       = {S. M. Yen},
  title        = {Temperature Overshoot in Shock Waves},
  journal      = {Phys. Fluids}, 
  volume       = {9},
  pages        = {1417-–1418},
  year         = {1966},
}

@article {Belotserkovskii,
    author   = {Belotserkovskii, O. M. and Yanitskii, V. E.},
    title    = {The statistical method of particles in cells for the solution of problems of the dynamics of a rarefied gas. II.~Computational aspects of the method}, 
    journal = {U.S.S.R. Comput. Math. Math. Phys.},
    year    = {1975},
    volume  = {15},
    number  = {6},
    pages   = {184--198},
}

@article{Ohwada_shock,
    author = {Ohwada,Taku },
    title = {Structure of normal shock waves: Direct numerical analysis of the Boltzmann equation for hard-sphere molecules},
    journal = {Physics of Fluids A: Fluid Dynamics},
    volume = {5},
    number = {1},
    pages = {217-234},
    year = {1993},
    doi = {10.1063/1.858777},
}

@article{Erofeev_Friedlander_overshoot_2002,
  author       = {A. I. Erofeev and O. G. Friedlander},
  title        = {Momentum and Energy Transfer in a Shock Wave},
  journal      = {Fluid Dynamics},
  volume       = {379},
  number       = {4},
  pages        = {614-–623},
  year         = {2002}
}

@article{ShockWaves_2015,
  author         = {E. A. Malkov and Ye. A. Bondar and A. A. Kokhanchik and S.O. Poleshkin and M.S. Ivanov},
  title          = {High-accuracy deterministic solution of the Boltzmann equation for the shock wave structure},
  journal        = {Shock Waves},
  volume         = {25},
  pages          = {387--397},
  year           = {2015},
}

@article{Rykov2008,
    author={Rykov, V. A.
    and Titarev, V. A.
    and Shakhov, E. M.},
    title={Shock wave structure in a diatomic gas based on a kinetic model},
    journal={Fluid Dynamics},
    year={2008},
    month={Apr},
    day={01},
    volume={43},
    number={2},
    pages={316--326},
    abstract={The structure of a normal (direct) shock in a gas for the parameters corresponding to nitrogen is investigated with allowance for the rotational degrees of freedom on the basis of a model kinetic equation. For various Mach numbers the structure is compared with both the known experimental results and the solutions of the Navier-Stokes approximation within the framework of two-temperature hydrodynamics. The possibility of assuming the constancy of the fraction of excited rotational degrees of freedom is studied.},
    issn={1573-8507},
    doi={10.1134/S0015462808020178},
    url={https://doi.org/10.1134/S0015462808020178}
}

@article{Dodulad_Tcheremissine_2013,
  author         = {O. I. Dodulad and F. G. Tcheremissine},
  title          = {Computation of a Shock Wave Structure in Monatomic Gas with Accuracy Control},
  journal        = {Comput. Math. Math. Phys.},
  volume         = {53},
  number         = {6},
  pages          = {827-–844},
  year           = {2013},
}

@article{Hornig_1950,
author = {Cowan,George R.  and Hornig,Donald F. },
title = {The Experimental Determination of the Thickness of a Shock Front in a Gas},
journal = {The Journal of Chemical Physics},
volume = {18},
number = {8},
pages = {1008-1018},
year = {1950},
doi = {10.1063/1.1747845},
URL = {https://doi.org/10.1063/1.1747845},
eprint = {https://doi.org/10.1063/1.1747845}
}

@article{Hansen_Hornig_1960,
author = {Hansen, K. and Hornig, D. F.},
title = {Thickness of Shock Fronts in Argon},
journal = {The Journal of Chemical Physics},
volume = {33},
number = {3},
pages = {913-916},
year = {1960},
doi = {10.1063/1.1731288},
}

@article{Robben,
author = {Robben, F. and Talbot, L.},
title = {Measurement of Shock Wave Thickness by the Electron Beam Fluorescence Method},
journal = {The Physics of Fluids},
volume = {9},
number = {4},
pages = {633-643},
year = {1966},
doi = {10.1063/1.1761728},
}

@article{Schmidt_1969,
  author       = {B. Schmidt},
  title        = {Electron beam density measurements in shock waves in argon},
  journal      = {J. Fluid Mech.},
  year         = {1969},
  volume       = {39},
  number       = {2},
  pages        = {361-–373},
}

@article{Alsmeyer_1976,
  author       = {H. Alsmeyer}, 
  title        = {Density Profiles in Argon and Nitrogen Shock Waves Measured by the Absorption of an Electron Beam},
  journal      = {J. Fluid Mech.},
  volume       = {74},
  pages        = {497-–513},
  year         = {1976},
}

@BOOK{Shakhov_book,
  author       = {E.M. Shakhov},
  year         = {1974},
  title        = {The Method of Investigation of Motion of a Rarefied Gas (in Russian)},
  publisher    = {Nauka},
  address      = {Moscow}
}

@article {Pham-Van-Diep624,
	author     = {Pham-Van-Diep, G. and Erwin, D. and Muntz, E. P.},
	title      = {Nonequilibrium Molecular Motion in a Hypersonic Shock Wave},
	volume     = {245},
	number     = {4918},
	pages      = {624--626},
	year       = {1989},
	doi        = {10.1126/science.245.4918.624},
	publisher  = {American Association for the Advancement of Science},
	abstract   = {Molecular velocities have been measured inside a hypersonic, normal shock wave, where the gas experiences rapid changes in its macroscopic properties. As first hypothesized by Mott-Smith, but never directly observed, the molecular velocity distribution exhibits a qualitatively bimodal character that is derived from the distribution functions on either side of the shock. Quantitatively correct forms of the molecular velocity distribution function in highly nonequilibrium flows can be calculated, by means of the Direct Simulation Monte Carlo technique.},
	issn       = {0036-8075},
	URL        = {http://science.sciencemag.org/content/245/4918/624},
	journal    = {Science}
}

@BOOK{Bird_book,
   author       = {G. A. Bird},
   year         = {1994},
   title        = {Molecular Gas Dynamics and The Direct Simulations of Gas Flows},
   publisher    = {Oxford Univesity Press},
}

@article{Erofeev_Friedlander_RGD25,
  author       = {A.I. Erofeev and O.G. Friedlander}, 
  title        = {Macroscopic models for nonequilibrium flows of monatomic gas and normal solutions},
  journal      = {Proc. of 25th Int. Symp. on RGD},
  pages        = {117--124},
  year         = {2007}
}

@BOOK{Kogan,
   author       = {M.N. Kogan},
   year         = 1969,
   title        = {Rarefied gas dynamics},
   publisher    = {Plenum},
   address      = "New York"
}

@BOOK{Shakhov,
   author       = {E. M. Shakhov},
   year         = 1974,
   title        = {The Method of Investigation of Motion of a Rarefied Gas (in Russian)},
   publisher    = {Nauka},
   address      = {Moscow}
}

@BOOK{Chapman,
   author       = {S. Chapman and T. G. Cowling},
   year         = 1991,
   title        = {The mathematical theory of non-uniform gases: an account of the kinetic theory of viscosity, thermal conduction and diffusion in gases},
   publisher    = {Cambridge mathematical library},
}

@BOOK{Struchtrup_book,
   author       = {H. Struchtrup},
   year         = 2005,
   title        = {Macroscopic transport equations for rarefied gas flows},
   publisher    = {Springer},
}

@article{Struchtrup_Torrilhon_2004, 
   title        = {Regularized 13-moment equations: shock structure calculations and comparison to Burnett models},
   volume       = {513}, 
   eprint       = {https://doi.org/10.1017/S0022112004009917}, 
   journal      = {Journal of Fluid Mechanics},
   publisher    = {Cambridge University Press},
   author       = {M. Torrilhon and H. Struchtrup}, 
   year         = {2004}, 
   pages        = {171–198},
   doi          = {10.1017/S0022112004009917},
}


@ARTICLE{overshoot_2015,
   author       = "M. Yu. Timokhin and Ye. A. Bondar and A. A. Kokhanchik and M. S. Ivanov and I. E. Ivanov and I. A. Kryukov",
   year         = "2015",
   journal      = "Phys. Fluids",
   volume       = "27",
   pages        = "037101",
   doi          = {10.1063/1.4913673},
   eprint       = "https://doi.org/10.1063/1.4913673",
}

@ARTICLE{nonlinR13_2016,
   author       = "M. Yu. Timokhin and H. Struchtrup and A. A. Kokhanchik and Ye. A. Bondar",
   year         = "2016",
   journal      = "AIP Conf. Proceedings",
   volume       = "1786",
   pages        = "140006",
   eprint       = "https://doi.org/10.1063/1.4967637",
   doi          = {10.1063/1.4967637},
}

@ARTICLE{nonlinR13_2017,
   author       = "M. Yu. Timokhin and H. Struchtrup and A. A. Kokhanchik and Ye. A. Bondar",
   year         = "2017",
   journal      = "Phys. Fluids",
   volume       = "29",
   pages        = "037105",
   eprint       = "https://doi.org/10.1063/1.4977978",
   doi          = {10.1063/1.4977978},
}

@ARTICLE{R13_compmath_2013,
   author       = "I. E. Ivanov and I. A. Kryukov and M. Yu. Timokhin",
   year         = "2013",
   journal      = "Comput. Math. Math. Phys.",
   volume       = "53",
   pages        = "1534--1550",
   eprint       = "https://doi.org/10.1134/S0965542513100084",
   doi          = {10.1134/S0965542513100084},
}

@ARTICLE{R13_rgd_2014,
   author       = "M. Yu. Timokhin and I. E. Ivanov and I. A. Kryukov",
   year         = "2014",
   journal      = "AIP Conf. Proceedings",
   volume       = "1628",
   pages        = "748--755",
   eprint       = {https://doi.org/10.1063/1.4902668},
}

@ARTICLE{Znam_2014,
   author       = "I. A. Znamenskaya and I. E. Ivanov and I. A. Kryukov and I. V. Mursenkova and M. Yu. Timokhin",
   year         = "2014",
   journal      = "Tech. Phys. Lett.",
   volume       = "40",
   pages        = "533--536",
   eprint       = {https://doi.org/10.1134/S1063785014060273},
}

@article{IvanovSMILE2010,
    author     = {Ivanov,M. S.  and Kashkovsky,A. V.  and Vashchenkov,P. V.  and Bondar,Ye. A. },
    title      = {Parallel Object‐Oriented Software System for DSMC Modeling of High‐Altitude Aerothermodynamic Problems},
    journal    = {AIP Conference Proceedings},
    volume     = {1333},
    number     = {1},
    pages      = {211-218},
    year       = {2011},
    doi        = {10.1063/1.3562650},
    URL        = {https://aip.scitation.org/doi/abs/10.1063/1.3562650},
    eprint     = {https://aip.scitation.org/doi/pdf/10.1063/1.3562650}
}

@article{IvanovRogasinsky,
  title        ={Analysis of numerical techniques of the direct simulation Monte Carlo method in the rarefied gas dynamics},
  author       ={M. Ivanov and S. Rogasinsky},
  journal      ={Soviet Journal of Numerical Analysis and Mathematical Modeling},
  number       = {6},
  volume       = {3},
  pages        = {453-465},
  year         = {1988},
  eprint       = {https://doi.org/10.1515/rnam.1988.3.6.453},
  publisher    = {}
}

@article{KashkovskySMILEpp,
  author       = {Kashkovsky, A. V.  and Bondar, Ye. A.  and Zhukova, G. A.  and Ivanov, M. S.  and Gimelshein, S. F. },
  title        = {Object‐Oriented Software Design of Real Gas Effects for the DSMC Method},
  journal      = {AIP Conference Proceedings},
  volume       = {762},
  number       = {1},
  pages        = {583-588},
  year         = {2005},
  doi          = {10.1063/1.1941599},
  URL          = {https://aip.scitation.org/doi/abs/10.1063/1.1941599},
  eprint       = {https://aip.scitation.org/doi/pdf/10.1063/1.1941599}
}


@article{Muntz1983_ArgonShock,
  author       = {Holtz, T. and Muntz, E. P. },
  title        = {Molecular velocity distribution functions in an argon normal shock wave at Mach number 7},
  journal      = {The Physics of Fluids},
  volume       = {26},
  number       = {9},
  pages        = {2425-2436},
  year         = {1983},
  doi          = {10.1063/1.864428},
  URL          = {https://aip.scitation.org/doi/abs/10.1063/1.864428},
  eprint       = {https://aip.scitation.org/doi/pdf/10.1063/1.864428}
}

@article{Muntz1969_HeShock,
  author       = {Muntz,E. P.  and Harnett,L. N. },
  title        = {Molecular Velocity Distribution Function Measurements in a Normal Shock Wave},
  journal      = {The Physics of Fluids},
  volume       = {12},
  number       = {10},
  pages        = {2027-2035},
  year         = {1969},
  doi          = {10.1063/1.1692308},
  URL          = {https://aip.scitation.org/doi/abs/10.1063/1.1692308},
  eprint       = {https://aip.scitation.org/doi/pdf/10.1063/1.1692308}
}



